<?xml version="1.0" encoding="UTF-8"?><collection><record><leader>07273ntm a2200613 a 4500</leader><controlfield tag="001">006795341</controlfield><controlfield tag="003">MiAaHDL</controlfield><controlfield tag="005">20190719000000.0</controlfield><controlfield tag="006">m        d        </controlfield><controlfield tag="007">cr bn ---auaua</controlfield><controlfield tag="008">090520q15771578xx            00| ||ara d</controlfield><datafield tag="035" ind1=" " ind2=" "><subfield code="a">(MiU)006795341</subfield></datafield><datafield tag="035" ind1=" " ind2=" "><subfield code="a">sdr-miu006795341</subfield></datafield><datafield tag="040" ind1=" " ind2=" "><subfield code="a">MiU</subfield><subfield code="c">MiU</subfield><subfield code="e">amremm</subfield></datafield><datafield tag="043" ind1=" " ind2=" "><subfield code="a">n-us-mi</subfield></datafield><datafield tag="100" ind1="1" ind2=" "><subfield code="6">880-01</subfield><subfield code="a">Taftāzānī, Masʻūd ibn ʻUmar,</subfield><subfield code="d">1322-1389?</subfield></datafield><datafield tag="240" ind1="1" ind2="0"><subfield code="6">880-02</subfield><subfield code="a">Sharḥ al-qism al-thālith min Miftāḥ al-ʻulūm</subfield></datafield><datafield tag="245" ind1="1" ind2="0"><subfield code="6">880-03</subfield><subfield code="a">Sharḥ al-Miftāḥ,</subfield><subfield code="f">[985, i.e. 1577 or 1578].</subfield></datafield><datafield tag="246" ind1="3" ind2=" "><subfield code="i">Edge title (tail):</subfield><subfield code="a">شرح سعد الدين التفتازاني على المفتاح</subfield></datafield><datafield tag="260" ind1=" " ind2=" "><subfield code="c">[1577 or 1578].</subfield></datafield><datafield tag="300" ind1=" " ind2=" "><subfield code="a">219 leaves :</subfield><subfield code="b">paper ;</subfield><subfield code="c">225 x 144 (141 x 69) mm.</subfield></datafield><datafield tag="500" ind1=" " ind2=" "><subfield code="a">Shelfmark: Ann Arbor, University of Michigan, Special Collections Library, Isl. Ms. 216</subfield></datafield><datafield tag="500" ind1=" " ind2=" "><subfield code="a">Origin: As appears in colophon on p.434, copied for himself by Mīrzā Jān al-Shīrāzī, perhaps Ḥabīb Allāh Mīrzā Jān al-Shīrāzī al-Baghanawī [or al-Baghandī] (d.1586), with transcription completed in 985 [1577 or 1578].</subfield></datafield><datafield tag="500" ind1=" " ind2=" "><subfield code="a">Former shelfmark: "328 T. De M. [i.e. Tammaro De Marinis]" inscribed in pencil on verso of front flyleaf ; "10" inscribed in pencil on 'title page' (p.3).</subfield></datafield><datafield tag="500" ind1=" " ind2=" "><subfield code="a">Binding: Pasteboards covered in dark red leather ; Type II binding (with flap) ; upper and lower doublures in brown leather with simple gold-tooled border and central floral motif ; upper and lower covers bear large blind-stamped and gold-painted scalloped mandorla (vegetal composition compare Déroche class. OAi 8 or 9) with pendants and corner pieces, all surrounded by gold-painted accents and accompanied by a tooled border in a series of s-shaped stamps ; design continues on envelope flap ; sewn in light pink thread, two stations ; worked endbands in light pink and cream, intact ; overall in fair condition with slight abrasion and staining, some lifting and splitting of leather at spine and foreedge flap, envelope flap detaching from foreedge flap, etc.</subfield></datafield><datafield tag="500" ind1=" " ind2=" "><subfield code="a">Support: non-European (Persian) laid paper with 10 laid lines per cm. and sporadic chain lines ; well-burnished and quite sturdy though crisp ; front flyleaf in European laid paper ; some pest damage.</subfield></datafield><datafield tag="500" ind1=" " ind2=" "><subfield code="a">Decoration: Illuminated headpiece (ʻunwān) at opening on p.4 consisting of rectangular piece surmounted by scalloped semi-circular piece (dome) ; rectangular piece carries gold-filled cartouche with pendants and flanking accent pieces on a background of lapis lazuli with swirling vegetal decoration in gold, white, yellow, lavender, red and blue ; scalloped semi-circular piece (dome) echos the composition of the rectangular piece with swirling vegetal design mainly in black, blue, and lavender on a field of gold with accents in yellow, red, and blue green, all surmounted by vertical stalks (tīgh) in blue ; written area of incipit and facing page surrounded by frame consisting of a series of narrow gold, blue-green, and red bands with outermost blue fillet (frame also forms the well of the headpiece) ; elsewhere written area surrounded by frame consisting of gold band and black fillets ; some keywords, some abbreviations, and occasional marginalia rubricated ; textual dividers in the form of red discs ; most keywords chyrsographed.</subfield></datafield><datafield tag="500" ind1=" " ind2=" "><subfield code="a">Script: Naskh ; elegant Persianate hand ; virtually serifless ; effect of tilt to the left ; kāf mashqūqah preferred ; hamzat al-waṣl occasionally marked ; pointing in distinct dots, with two dots often oriented vertically (one above the other) rather than horizontally ; mainly closed counters ; curvilinear descenders, some sweeping ; rightward descenders tapered ; freely ligatured with final hāʼ often assimilated with preceding dāl or rāʼ ; final words/letters of line often superscript ; glosses in naskh-nastaʻlīq.</subfield></datafield><datafield tag="500" ind1=" " ind2=" "><subfield code="a">Layout: Written in 27 lines per page ; frame-ruled.</subfield></datafield><datafield tag="500" ind1=" " ind2=" "><subfield code="a">Collation: i, V-1 (9), 16 V(169), IV (177), 4 V(217), I+1-1 (219) ; chiefly quinions ; first two leaves of opening quire glued together ; final leaf left blank and the two leaves preceding that are glued together ; catchwords present ; foliation in black ink, Hindu-Arabic numerals ; pagination in pencil, Western numerals, supplied during digitization (includes front flyleaf and skips two pages each between pp.93-94 and pp.181-182).</subfield></datafield><datafield tag="500" ind1=" " ind2=" "><subfield code="a">Colophon: "Scribal," triangular, reads: "كتبه الفقير اليه تعالى الشهير بميرزا جان الشيرازي لنفسه غفر الله له ولوالديه في سنة ۹۸٥"</subfield></datafield><datafield tag="500" ind1=" " ind2=" "><subfield code="a">Explicit: "وقد يجعل هو نفسه التكملة وفي هذا شبه تنزل عن حقيقة الجزئية الى كونه الجمال له والكمال والاستمداد في اللغة طلب المراد يقال استمددت الامير وتعديته الى مفعولين لتضمين معنى الطلب والسؤال والله تعالى المسؤل لتيسير الآمال والمشكور على ما افاض من النوال وله الحمد على كل حال تمت الكتاب بعون الله الملك الوهاب"</subfield></datafield><datafield tag="500" ind1=" " ind2=" "><subfield code="a">Incipit: "خير خبر يوشح به صدر الكلام واحسن حديث يرشح لمقتضى المقام حمدا لله الذي خلق الانسان علمه البيان واتم له الاحسان فالهمه التبيان جعل فيه الفصاحة مفتاحا لفتح باب النجاح والدراية مصباحا للتهدي الى اسباب الفلاح</subfield></datafield><datafield tag="500" ind1=" " ind2=" "><subfield code="a">Title from inscription on 'title page' (p.3).</subfield></datafield><datafield tag="500" ind1=" " ind2=" "><subfield code="a">Ms. codex.</subfield></datafield><datafield tag="510" ind1="4" ind2=" "><subfield code="a">Ḥājjī Khalīfah. Kashf al-ẓunūn,</subfield><subfield code="c">vi, 16</subfield></datafield><datafield tag="510" ind1="4" ind2=" "><subfield code="a">Brockelmann, C. GAL,</subfield><subfield code="c">II 414</subfield></datafield><datafield tag="510" ind1="4" ind2=" "><subfield code="a">Brockelmann, C. GAL,</subfield><subfield code="c">I 294</subfield></datafield><datafield tag="520" ind1="8" ind2=" "><subfield code="a">Fine copy of al-Taftāzānī's commentary on the third part of Miftāḥ al-ʻulūm of al-Sakkākī on ʻIlm al-maʻānī wa-al-bayān, apparently copied by Ḥabīb Allāh Mīrzā Jān al-Shīrāzī (d.1586).</subfield></datafield><datafield tag="538" ind1=" " ind2=" "><subfield code="a">Mode of access: Internet.</subfield></datafield><datafield tag="541" ind1=" " ind2=" "><subfield code="c">Purchase ;</subfield><subfield code="a">Acquired by purchase (funds donated by Horace Rackham).</subfield><subfield code="d">1924.</subfield></datafield><datafield tag="546" ind1=" " ind2=" "><subfield code="a">Arabic.</subfield></datafield><datafield tag="561" ind1=" " ind2=" "><subfield code="a">Inscriptions in pencil on front flyleaf "328 T. De M. [i.e. Tammaro De Marinis]" and 'title page' (p.3) "10" ; numerous marginal corrections and glosses (through p.93 and again from p.294 to p.414).</subfield></datafield><datafield tag="600" ind1="1" ind2="0"><subfield code="a">Sakkākī, Yūsuf ibn Abī Bakr,</subfield><subfield code="d">b. 1160.</subfield><subfield code="t">Miftāḥ al-ʻulūm.</subfield><subfield code="n">Qism 3.</subfield></datafield><datafield tag="650" ind1=" " ind2="0"><subfield code="a">Manuscripts, Arabic</subfield><subfield code="z">Michigan</subfield><subfield code="z">Ann Arbor.</subfield></datafield><datafield tag="650" ind1=" " ind2="0"><subfield code="a">Arabic language</subfield><subfield code="x">Rhetoric</subfield><subfield code="v">Early works to 1800.</subfield></datafield><datafield tag="655" ind1=" " ind2="7"><subfield code="a">Headpieces (layout features)</subfield><subfield code="y">16th century.</subfield><subfield code="2">aat.</subfield></datafield><datafield tag="700" ind1="0" ind2=" "><subfield code="a">Abdülhamid</subfield><subfield code="b">II,</subfield><subfield code="c">Sultan of the Turks,</subfield><subfield code="d">1842-1918,</subfield><subfield code="e">former owner.</subfield></datafield><datafield tag="700" ind1="1" ind2=" "><subfield code="6">880-04</subfield><subfield code="a">Mīrzā Jān, Ḥabīb Allāh,</subfield><subfield code="d">-1586?</subfield><subfield code="e">scribe.</subfield></datafield><datafield tag="773" ind1="0" ind2=" "><subfield code="a">Abdul Hamid Collection.</subfield></datafield><datafield tag="880" ind1="1" ind2=" "><subfield code="6">700-04/</subfield><subfield code="a">ميرزا جان، حبيب الله،</subfield><subfield code="e">ناسخ.</subfield></datafield><datafield tag="880" ind1="1" ind2="0"><subfield code="6">245-03/</subfield><subfield code="a">شرح المفتاح,</subfield><subfield code="f">[985ه, 1577 او 1578م].</subfield></datafield><datafield tag="880" ind1="1" ind2="0"><subfield code="6">240-02/</subfield><subfield code="a">شرح القسم الثالث من مفتاح العلوم</subfield></datafield><datafield tag="880" ind1="1" ind2=" "><subfield code="6">100-01/</subfield><subfield code="a">.تفتازاني، مسعود بن عمر</subfield></datafield><datafield tag="CID" ind1=" " ind2=" "><subfield code="a">006795341</subfield></datafield><datafield tag="DAT" ind1="0" ind2=" "><subfield code="a">20190719102636.0</subfield><subfield code="b">20190719000000.0</subfield></datafield><datafield tag="DAT" ind1="1" ind2=" "><subfield code="a">20190719090653.0</subfield><subfield code="b">2019-07-19T16:11:17Z</subfield></datafield><datafield tag="DAT" ind1="2" ind2=" "><subfield code="a">2015-10-02T18:00:03Z</subfield></datafield><datafield tag="CAT" ind1=" " ind2=" "><subfield code="a">SDR-MIU</subfield><subfield code="d">EX LIBRIS - ALEPH</subfield><subfield code="l">prepare.pl-004-008</subfield></datafield><datafield tag="FMT" ind1=" " ind2=" "><subfield code="a">BK</subfield></datafield><datafield tag="HOL" ind1=" " ind2=" "><subfield code="0">sdr-miu006795341</subfield><subfield code="a">MiU</subfield><subfield code="b">SDR</subfield><subfield code="c">MIU</subfield><subfield code="p">mdp.39015079126259</subfield><subfield code="s">MIU</subfield><subfield code="1">006795341</subfield></datafield><datafield tag="974" ind1=" " ind2=" "><subfield code="b">MIU</subfield><subfield code="c">MIU</subfield><subfield code="d">20190719</subfield><subfield code="s">lit-dlps-dc</subfield><subfield code="u">mdp.39015079126259</subfield><subfield code="y">1578</subfield><subfield code="r">pd</subfield><subfield code="q">bib</subfield><subfield code="t">non-US bib date2 &lt; 1879</subfield></datafield></record></collection>